<record><leader>00000cas a2200000 a 4500</leader><controlfield tag="001">22102771</controlfield><controlfield tag="008">900719d19781998miuwr ne      0   a0eng c</controlfield><datafield ind1=" " ind2=" " tag="010"><subfield code="a">sn2007060007</subfield></datafield><datafield ind1=" " ind2=" " tag="040"><subfield code="a">EZN</subfield><subfield code="b">eng</subfield><subfield code="c">EZN</subfield><subfield code="d">OCLCQ</subfield><subfield code="d">MHN</subfield><subfield code="d">OCLCQ</subfield><subfield code="d">OCLCF</subfield></datafield><datafield ind1=" " ind2=" " tag="037"><subfield code="b">Northland Publishers, P.O. Box 311, Iron River, MI 49935</subfield></datafield><datafield ind1=" " ind2=" " tag="042"><subfield code="a">pcc</subfield></datafield><datafield ind1=" " ind2=" " tag="043"><subfield code="a">n-us-mi</subfield></datafield><datafield ind1="0" ind2=" " tag="130"><subfield code="a">Reporter (Iron River, Mich.)</subfield></datafield><datafield ind1="1" ind2="0" tag="245"><subfield code="a">Reporter.</subfield></datafield><datafield ind1=" " ind2=" " tag="260"><subfield code="a">Iron River, Mich. :</subfield><subfield code="b">Northland Publishers</subfield></datafield><datafield ind1=" " ind2=" " tag="300"><subfield code="a">v. :</subfield><subfield code="b">ill. ;</subfield><subfield code="c">58 cm.</subfield></datafield><datafield ind1=" " ind2=" " tag="321"><subfield code="a">Weekly</subfield></datafield><datafield ind1="0" ind2=" " tag="362"><subfield code="a">94th yr., no. 7 (Oct. 18, 1978)-113th yr., no. 34 (Apr. 29, 1998).</subfield></datafield><datafield ind1=" " ind2="0" tag="651"><subfield code="a">Iron River (Mich.)</subfield><subfield code="v">Newspapers.</subfield></datafield><datafield ind1=" " ind2="0" tag="651"><subfield code="a">Iron County (Mich.)</subfield><subfield code="v">Newspapers.</subfield></datafield><datafield ind1=" " ind2="7" tag="655"><subfield code="a">Newspapers.</subfield><subfield code="2">fast</subfield><subfield code="0">(OCoLC)fst01423814</subfield></datafield><datafield ind1=" " ind2="7" tag="651"><subfield code="a">Michigan</subfield><subfield code="z">Iron County.</subfield><subfield code="2">fast</subfield><subfield code="0">(OCoLC)fst01214768</subfield></datafield><datafield ind1=" " ind2="7" tag="651"><subfield code="a">Michigan</subfield><subfield code="z">Iron River.</subfield><subfield code="2">fast</subfield><subfield code="0">(OCoLC)fst01219757</subfield></datafield><datafield ind1=" " ind2=" " tag="752"><subfield code="a">United States</subfield><subfield code="b">Michigan</subfield><subfield code="c">Iron</subfield><subfield code="d">Iron River.</subfield></datafield><datafield ind1="0" ind2="0" tag="780"><subfield code="t">Iron River reporter (Iron River, Mich. : 1977)</subfield><subfield code="w">(DLC)sn2007060004</subfield><subfield code="w">(OCoLC)84655093</subfield></datafield><datafield ind1="0" ind2="0" tag="785"><subfield code="t">Iron County reporter (Iron River, Mich. : 1998)</subfield><subfield code="w">(DLC)sn2007060008</subfield><subfield code="w">(OCoLC)40307165</subfield></datafield></record>